<record><leader>00000cas a22000007a 4500</leader><controlfield tag="001">41407668</controlfield><controlfield tag="008">990521d18921894ncuwr ne      0    0eng d</controlfield><controlfield tag="009">13381</controlfield><datafield ind1=" " ind2=" " tag="010"><subfield code="a">sn 98058982 </subfield></datafield><datafield ind1=" " ind2=" " tag="040"><subfield code="a">NVJ</subfield><subfield code="b">eng</subfield><subfield code="c">NVJ</subfield></datafield><datafield ind1="1" ind2=" " tag="029"><subfield code="a">AU@</subfield><subfield code="b">000020133876</subfield></datafield><datafield ind1=" " ind2=" " tag="042"><subfield code="a">msc</subfield></datafield><datafield ind1="0" ind2="0" tag="245"><subfield code="a">Western Carolina advocate.</subfield></datafield><datafield ind1=" " ind2=" " tag="260"><subfield code="a">Asheville, N.C. :</subfield><subfield code="b">Rev. P.L. Groome,</subfield></datafield><datafield ind1=" " ind2=" " tag="300"><subfield code="a">v.</subfield></datafield><datafield ind1=" " ind2=" " tag="310"><subfield code="a">Weekly</subfield></datafield><datafield ind1="0" ind2=" " tag="362"><subfield code="a">Vol. 1, no. 1 (Nov. 9, 1892)-</subfield></datafield><datafield ind1="1" ind2=" " tag="362"><subfield code="a">Ceased in 1894.</subfield></datafield><datafield ind1=" " ind2=" " tag="752"><subfield code="a">United States</subfield><subfield code="b">North Carolina</subfield><subfield code="c">Buncombe</subfield><subfield code="d">Asheville.</subfield></datafield><datafield ind1="0" ind2="4" tag="780"><subfield code="t">Western North Carolina Methodist</subfield><subfield code="w">(DLC)sn 98058981</subfield></datafield><datafield ind1="0" ind2="4" tag="780"><subfield code="t">Statesville Christian advocate</subfield><subfield code="w">(DLC)sn 93064757</subfield></datafield><datafield ind1="0" ind2="7" tag="785"><subfield code="t">Raleigh Christian advocate (Raleigh, N.C. : 1873)</subfield><subfield code="w">(DLC)sn 92072992</subfield></datafield><datafield ind1="0" ind2="7" tag="785"><subfield code="t">North Carolina Christian advocate (Greensboro, N.C.)</subfield><subfield code="w">(DLC)sn 78000736</subfield></datafield></record>